<?xml version="1.0" encoding="utf-8"?>
<record xmlns="http://www.loc.gov/MARC21/slim" xmlns:xsi="http://www.w3.org/2001/XMLSchema-instance" xsi:schemaLocation="http://www.loc.gov/MARC21/slim http://www.loc.gov/standards/marcxml/schema/MARC21slim.xsd">
	<leader>     nam a22     Mi 4500</leader>
	<controlfield tag="001">3072180</controlfield>
	<controlfield tag="003">NNC</controlfield>
	<controlfield tag="006">m        d        </controlfield>
	<controlfield tag="007">cr cn |||m|||a</controlfield>
	<controlfield tag="008">181206s1945    ua      o     000 0 arard</controlfield>
	<datafield ind1=" " ind2=" " tag="040">
		<subfield code="a">ZYU</subfield>
		<subfield code="b">ara</subfield>
		<subfield code="e">rda</subfield>
		<subfield code="c">ZYU</subfield>
	</datafield>
	<datafield ind1="1" ind2=" " tag="041">
		<subfield code="a">ara</subfield>
		<subfield code="h">per</subfield>
	</datafield>
	<datafield ind1=" " ind2="4" tag="050">
		<subfield code="a">PK6406</subfield>
		<subfield code="b">.R3812</subfield>
	</datafield>
	<datafield ind1="1" ind2=" " tag="100">
		<subfield code="6">880-01</subfield>
		<subfield code="a">Vaṭvāṭ, Rashīd al-Dīn Muḥammad ibn Muḥammad,</subfield>
		<subfield code="d">approximately 1114-approximately 1182.</subfield>
	</datafield>
	<datafield ind1="1" ind2="0" tag="245">
		<subfield code="6">880-02</subfield>
		<subfield code="a">Ḥadāʼiq al-siḥr fī daqāʼiq al-shiʻr /</subfield>
		<subfield code="c">taʼlīf Rashīd al-Dīn Muḥammad al-ʻUmarī, al-kātib al-Balkhī al-maʻrūf bi-al-Waṭwāṭ, al-mutawaffá sanat 573 H. ; naqalahu ilá al-ʻArabīyah li-awwal marrah ʻan aṣlihi al-Fārisī maʻa taʻrīb muqaddimātih wa-tawḍīḥ ḥawāshīh Ibrāhīm Amīn al-Shawāribī, duktūr fī al-ādāb, līsānsīh fī al-ḥuqūq wa-līsānsīh fī al-ādāb min Jāmʻat Fu'ād al-Awwal, bakālūriyūs fī al-ādāb maʻa martabat al-sharaf al-ūlá min Jāmiʻat Landan, al-diblūm al-ʻālī li-Maʻhad al-Dirāsāt al-Sharqīyah bi-Landan, mudarris bi-Kullīyat al-Ādāb wa-Maʻhad al-Dirāsāt al-Sharqīyah bi-Jāmiʻat Fu'ād al-Awwal.</subfield>
	</datafield>
	<datafield ind1=" " ind2=" " tag="260">
		<subfield code="6">880-03</subfield>
		<subfield code="a">al-Qāhirah :</subfield>
		<subfield code="b">Maṭbaʻat Lajnat al-Ta'līf wa-al-Tarjamah wa-al-Nashr,</subfield>
		<subfield code="c">1364 H. = 1945 M.</subfield>
	</datafield>
	<datafield ind1=" " ind2=" " tag="300">
		<subfield code="a">online resource (208 pages)</subfield>
	</datafield>
	<datafield ind1=" " ind2=" " tag="336">
		<subfield code="a">text</subfield>
		<subfield code="2">rdacontent</subfield>
	</datafield>
	<datafield ind1=" " ind2=" " tag="337">
		<subfield code="a">computer</subfield>
		<subfield code="2">rdamedia</subfield>
	</datafield>
	<datafield ind1=" " ind2=" " tag="338">
		<subfield code="a">online resource</subfield>
		<subfield code="2">rdacarrier</subfield>
	</datafield>
	<datafield ind1=" " ind2=" " tag="500">
		<subfield code="a">Translated from Persian into Arabic by Ibrāhīm Amīn al-Shawāribī.</subfield>
	</datafield>
	<datafield ind1=" " ind2=" " tag="500">
		<subfield code="a">Part of the Arabic Collections Online (ACO) project, contributed by Columbia University Libraries.</subfield>
	</datafield>
	<datafield ind1=" " ind2=" " tag="533">
		<subfield code="a">Electronic reproduction.</subfield>
		<subfield code="b">New York, N.Y. :</subfield>
		<subfield code="c">New York University,</subfield>
		<subfield code="d">2018.</subfield>
		<subfield code="5">NNU</subfield>
	</datafield>
	<datafield ind1=" " ind2="0" tag="650">
		<subfield code="a">Poetics</subfield>
		<subfield code="v">Early works to 1800.</subfield>
	</datafield>
	<datafield ind1=" " ind2="0" tag="650">
		<subfield code="a">Persian poetry</subfield>
		<subfield code="y">747-1500.</subfield>
	</datafield>
	<datafield ind1=" " ind2="0" tag="650">
		<subfield code="a">Arabic poetry</subfield>
		<subfield code="y">750-1258.</subfield>
	</datafield>
	<datafield ind1=" " ind2="7" tag="650">
		<subfield code="a">Arabic poetry.</subfield>
		<subfield code="2">fast</subfield>
		<subfield code="0">(OCoLC)fst00812533</subfield>
	</datafield>
	<datafield ind1=" " ind2="7" tag="650">
		<subfield code="a">Persian poetry.</subfield>
		<subfield code="2">fast</subfield>
		<subfield code="0">(OCoLC)fst01058542</subfield>
	</datafield>
	<datafield ind1=" " ind2="7" tag="650">
		<subfield code="a">Poetics.</subfield>
		<subfield code="2">fast</subfield>
		<subfield code="0">(OCoLC)fst01067682</subfield>
	</datafield>
	<datafield ind1=" " ind2="7" tag="648">
		<subfield code="a">747-1500</subfield>
		<subfield code="2">fast</subfield>
	</datafield>
	<datafield ind1=" " ind2="7" tag="655">
		<subfield code="a">Early works.</subfield>
		<subfield code="2">fast</subfield>
		<subfield code="0">(OCoLC)fst01411636</subfield>
	</datafield>
	<datafield ind1="1" ind2=" " tag="700">
		<subfield code="6">880-04</subfield>
		<subfield code="a">Shawāribī, Ibrāhīm Amīn,</subfield>
		<subfield code="e">translator. </subfield>
	</datafield>
	<datafield ind1="2" ind2=" " tag="710">
		<subfield code="a">Columbia University.</subfield>
		<subfield code="b">Libraries.</subfield>
	</datafield>
	<datafield ind1="0" ind2=" " tag="730">
		<subfield code="a">Arabic Collections Online.</subfield>
	</datafield>
	<datafield ind1="0" ind2="8" tag="776">
		<subfield code="i">Print version:</subfield>
		<subfield code="a">Vaṭvāṭ, Rashīd al-Dīn Muḥammad ibn Muḥammad, approximately 1114-approximately 1182.</subfield>
		<subfield code="t">Ḥadāʼiq al-siḥr fī daqāʼiq al-shiʻr</subfield>
		<subfield code="w">(NNC)3072180</subfield>
		<subfield code="w">(OCoLC)16852075</subfield>
	</datafield>
	<datafield ind1="4" ind2="0" tag="856">
		<subfield code="u">http://hdl.handle.net/2333.1/tb2rbwch</subfield>
	</datafield>
	<datafield ind1="1" ind2=" " tag="880">
		<subfield code="6">100-01</subfield>
		<subfield code="a">الوطواط، رشيد الدين محمد بن محمد،</subfield>
		<subfield code="d">approximately 1114-approximately 1182,</subfield>
		<subfield code="e">مؤلف.</subfield>
		<subfield code="4">aut</subfield>
	</datafield>
	<datafield ind1="1" ind2="0" tag="880">
		<subfield code="6">245-02</subfield>
		<subfield code="a">حدائق السحر في دقائق الشعر /</subfield>
		<subfield code="c">تأليف رشيد الدين محمد العمري، الكاتب البلخي المعروف بالوطواط، المتوفى سنة 573 هـ. ؛ نقله إلى العربية لأول مرة عن أصله الفارسي مع تعريب مقدماته وتوضيح حواشيه إبراهيم أمين الشواربي، دكتور في الآداب، ليسانسيه في الحقوق وليسانسيه في الآداب من جامعة فؤاد الأول، بكالوريوس في الآداب مع مرتبة الشرف الأولى من جامعة لندن، الدبلوم العالي لمعهد الدراسات الشرقية بلندن، مدرس بكلية الآداب ومعهد الدراسات الشرقية بجامعة فؤاد الأول.</subfield>
	</datafield>
	<datafield ind1=" " ind2=" " tag="880">
		<subfield code="6">260-03</subfield>
		<subfield code="a">القاهرة :</subfield>
		<subfield code="b">مطبعة لجنة التأليف والترجمة والنشر،</subfield>
		<subfield code="c">1364 هـ. = 1945 م.</subfield>
	</datafield>
	<datafield ind1="1" ind2=" " tag="880">
		<subfield code="6">700-04</subfield>
		<subfield code="a">شواربي، ابراهيم امين،</subfield>
		<subfield code="e">translator. . </subfield>
	</datafield>
	<datafield ind1=" " ind2=" " tag="959">
		<subfield code="a">NNU</subfield>
		<subfield code="b">WEB</subfield>
		<subfield code="c">GENI</subfield>
		<subfield code="t">0</subfield>
		<subfield code="m">Electronic access</subfield>
		<subfield code="s">01</subfield>
	</datafield>
	<datafield ind1=" " ind2=" " tag="999">
		<subfield code="i">NNC_3072180</subfield>
		<subfield code="o">(OCoLC)ocm16852075</subfield>
		<subfield code="s">columbia_aco003402</subfield>
		<subfield code="e">(ERROR-880)</subfield>
		<subfield code="s">columbia_aco003402</subfield>
	</datafield>
</record>
